@article{shao2019survey,
  title={A survey of deep reinforcement learning in video games},
  author={Shao, Kun and Tang, Zhentao and Zhu, Yuanheng and Li, Nannan and Zhao, Dongbin},
  journal={arXiv preprint arXiv:1912.10944},
  year={2019}
}
